@article{gowers1997lower,
    title={Lower bounds of tower type for Szemer{\'e}di's uniformity lemma},
    author={Gowers, William T},
    journal={Geometric \& Functional Analysis GAFA},
    volume={7},
    number={2},
    pages={322--337},
    year={1997},
    publisher={Springer}
}

@article{erdds1959random,
    title={On random graphs I},
    author={Erd{\"o}s, P and R{\'e}nyi, A},
    journal={Publ. math. debrecen},
    volume={6},
    number={290-297},
    pages={18},
    year={1959}
}

@article{gilbert1959random,
    title={Random graphs},
    author={Gilbert, Edgar N},
    journal={The Annals of Mathematical Statistics},
    volume={30},
    number={4},
    pages={1141--1144},
    year={1959},
    publisher={JSTOR}
}

@book{janson2011random,
    title={Random graphs},
    author={Janson, Svante and Luczak, Tomasz and Rucinski, Andrzej},
    year={2011},
    publisher={John Wiley \& Sons}
}

@article{rodl1986universality,
    title={On universality of graphs with uniformly distributed   edges},
    author={R{\"o}dl, Vojt{\v{e}}ch},
    journal={Discrete Mathematics},
    volume={59},
    number={1-2},
    pages={125--134},
    year={1986},
    publisher={Elsevier}
}

@incollection{thomason1987pseudo,
    title={Pseudo-random graphs},
    author={Thomason, Andrew},
    booktitle={North-Holland Mathematics Studies},
    volume={144},
    pages={307--331},
    year={1987},
    publisher={Elsevier}
}

@article{chung1989quasi,
    title={Quasi-random graphs},
    author={Chung, Fan R. K. and Graham, Ronald L. and Wilson, Richard M.},
    journal={Combinatorica},
    volume={9},
    pages={345--362},
    year={1989},
    publisher={Springer}
}

@article{erdos1936some,
    title={On some sequences of integers},
    author={Erd{\"o}s, Paul and Tur{\'a}n, Paul},
    journal={Journal of the London Mathematical Society},
    volume={1},
    number={4},
    pages={261--264},
    year={1936},
    publisher={Oxford University Press}
}

@article{roth1953certain,
    title={On certain sets of integers},
    author={Roth, Klaus F},
    journal={J. London Math. Soc},
    volume={28},
    number={104-109},
    pages={3},
    year={1953}
}

@article{szemeredi1969sets,
    title={On sets of integers containing no four elements in arithmetic   progression},
    author={Szemer{\'e}di, Endre},
    journal={Acta Mathematica Hungarica},
    volume={20},
    number={1-2},
    pages={89--104},
    year={1969},
    publisher={Akad{\'e}miai Kiad{\'o}, co-published with Springer Science+   Business Media BV~…}
}

@article{szemeredi1975sets,
    title={On sets of integers containing no k elements in arithmetic   progression},
    author={Szemer{\'e}di, Endre},
    journal={Acta Arith},
    volume={27},
    number={199-245},
    pages={2},
    year={1975},
    publisher={Citeseer}
}

@article{furstenberg1977ergodic,
    title={Ergodic behavior of diagonal measures and a theorem of Szemer{\'e}di on arithmetic progressions},
    author={Furstenberg, Harry},
    journal={Journal d’Analyse Math{\'e}matique},
    volume={31},
    number={1},
    pages={204--256},
    year={1977},
    publisher={Springer}
}

@article{gowers2001new,
    title={A new proof of Szemer{\'e}di's theorem},
    author={Gowers, William T},
    journal={Geometric \& Functional Analysis GAFA},
    volume={11},
    number={3},
    pages={465--588},
    year={2001},
    publisher={Birkh{\"a}user-Verlag Basel}
}

@book{zhao2023graph,
    title={Graph theory and additive combinatorics: exploring structure and   randomness},
    author={Zhao, Yufei},
    year={2023},
    publisher={Cambridge University Press}
}

@article{moshkovitz2016short,
    title={A short proof of Gowers’ lower bound for the regularity lemma},
    author={Moshkovitz, Guy and Shapira, Asaf},
    journal={Combinatorica},
    volume={36},
    number={2},
    pages={187--194},
    year={2016},
    publisher={Springer}
}

@online{taospectralproof2012,
    title={The spectral proof of the Szemer{\'e}di regularity lemma},
    author={Tao, Terence},
    year={2012},
    url={https://terrytao.wordpress.com/2012/12/03/the-spectral-proof-of-the-szemeredi-regularity-lemma/},
    note={[Consultado el 31 de marzo de 2024]}
}

@inproceedings{frieze1996regularity,
    title={The regularity lemma and approximation schemes for dense problems},
    author={Frieze, Alan and Kannan, Ravi},
    booktitle={Proceedings of 37th conference on foundations of computer science},
    pages={12--20},
    year={1996},
    organization={IEEE}
}

@article{cioabatao,
    title={TAO’S SPECTRAL PROOF OF THE SZEMER{\'E}DI REGULARITY LEMMA},
    author={CIOABA, S and MARTIN, RR},
    publisher={Citeseer}
}

@article{ruzsa1978triple,
    title={Triple systems with no six points carrying    three triangles},
    author={Ruzsa, Imre Z and Szemer{\'e}di, Endre},
    journal={Combinatorics (Keszthely, 1976), Coll. Math.    Soc. J. Bolyai},
    volume={18},
    number={939-945},
    pages={2},
    year={1978}
}